@article{solenthaler2011two,
    author={Solenthaler,Barbara and Gross,Markus},
    year={2011},
    title={Two-scale particle simulation},
    journal={ACM Transactions on Graphics},
    volume={30},
    number={4},
    pages={1},
    isbn={0730-0301},
    language={English}
}

@inproceedings{goswami2014regional,
  title={Regional Time Stepping for SPH},
  author={Goswami, Prashant and Batty, Christopher and others},
  booktitle={Eurographics},
  pages={45--48},
  year={2014}
}

@inproceedings{muller2003particle,
  title={Particle-based fluid simulation for interactive applications},
  author={M{\"u}ller, Matthias and Charypar, David and Gross, Markus},
  booktitle={Proceedings of the 2003 ACM SIGGRAPH/Eurographics symposium on Computer animation},
  pages={154--159},
  year={2003},
  organization={Eurographics Association}
}

@article{monaghan2005smoothed,
  title={Smoothed particle hydrodynamics},
  author={Monaghan, Joe J},
  journal={Reports on progress in physics},
  volume={68},
  number={8},
  pages={1703},
  year={2005},
  publisher={IOP Publishing}
}

@inproceedings{goswami2010interactive,
  title={Interactive SPH simulation and rendering on the GPU},
  author={Goswami, Prashant and Schlegel, Philipp and Solenthaler, Barbara and Pajarola, Renato},
  booktitle={Proceedings of the 2010 ACM SIGGRAPH/Eurographics Symposium on Computer Animation},
  pages={55--64},
  year={2010},
  organization={Eurographics Association}
}

@inproceedings{adams2007adaptively,
  title={Adaptively sampled particle fluids},
  author={Adams, Bart and Pauly, Mark and Keiser, Richard and Guibas, Leonidas J},
  booktitle={ACM Transactions on Graphics (TOG)},
  volume={26},
  number={3},
  pages={48},
  year={2007},
  organization={ACM}
}

@inbook{ihmsen2010boundary,
        author={Ihmsen,Markus and Akinci,Nadir and Gissler,Marc and Teschner,Matthias},
        year={2010},
        title={Boundary handling and adaptive time-stepping for PCISPH},
        pages={79-88},
        isbn={9783905673784; 3905673789},
        language={English}
}

@inproceedings{solenthaler2009predictive,
  title={Predictive-corrective incompressible SPH},
  author={Solenthaler, Barbara and Pajarola, Renato},
  booktitle={ACM transactions on graphics (TOG)},
  volume={28},
  number={3},
  pages={40},
  year={2009},
  organization={ACM}
}

@inproceedings{harada2007smoothed,
  title={Smoothed particle hydrodynamics on GPUs},
  author={Harada, Takahiro and Koshizuka, Seiichi and Kawaguchi, Yoichiro},
  booktitle={Computer Graphics International},
  pages={63--70},
  year={2007},
  organization={SBC Petropolis}
}

@inproceedings{becker2007weakly,
  title={Weakly compressible SPH for free surface flows},
  author={Becker, Markus and Teschner, Matthias},
  booktitle={Proceedings of the 2007 ACM SIGGRAPH/Eurographics symposium on Computer animation},
  pages={209--217},
  year={2007},
  organization={Eurographics Association}
}

@article{macklin2013position,
  title={Position based fluids},
  author={Macklin, Miles and M{\"u}ller, Matthias},
  journal={ACM Transactions on Graphics (TOG)},
  volume={32},
  number={4},
  pages={104},
  year={2013},
  publisher={ACM}
}

%%%%%%%%%%%%%%%%%% Methodologies ref's


%% Experiment
%% Implementation
%% Quantitative
%% Qualitative
@book{berndtsson2007thesis, 
  title={Thesis Projects: A Guide for Students in Computer Science and Information Systems},
  author={Berndtsson, M. and Hansson, J. and Olsson, B. and Lundell, B.},
  isbn={9781848000094},
  lccn={2007936686},
  url={http://books.google.se/books?id=I5CV\_uUKfYoC},
  year={2007},
  publisher={Springer}
 }
